@article{cn1,
  title={激光模拟射击训练器械及其射击精度的检定方法},
  author={刘伯来 and 宋作本 and 徐忠瑞},
  journal={山东体育科技},
  volume={24},
  number={4},
  pages={17--19},
  year={2002},
}

@article{cn2,
  title={一种新型激光射击训练模拟靶的设计},
  author={任宏岩 and 戴炳明},
  journal={大连理工大学学报},
  number={增2},
  pages={186--187},
  year={1997},
}

@article{cn3,
  title={智能型光电打靶模拟训练系统},
  author={戴炳明 and 任宏岩 and 张雏},
  journal={半导体光电},
  number={03},
  pages={196--197},
  year={1998},
}

@book{cn4,
  title={半导体激光器及其应用},
  author={黄德修},
  publisher={半导体激光器及其应用},
  year={1999},
  pages={1--27}
}

@inproceedings{en5,
  title={An optical photo-detector using a distributed amplifier and PIN photodiode combination},
  author={Liang, Jia Yi and Aitchison, Colin S},
  booktitle={1994 IEEE MTT-S International Microwave Symposium Digest (Cat. No. 94CH3389-4)},
  pages={1101--1104},
  year={1994},
  organization={IEEE}
}

@article{en6,
  title={Photovoltaic materials, past, present, future},
  author={Goetzberger, Adolf and Hebling, Christopher},
  journal={Solar energy materials and solar cells},
  volume={62},
  number={1-2},
  pages={1--19},
  year={2000},
  publisher={Elsevier}
}

@book{cn7,
  title={光电检测技术},
  author={高稚允 and 高岳},
  year={1995},
  publisher={国防工业出版社},
  pages={172--212}
}

@book{cn8,
  title={光电技术与实验},
  author={江月松 and 阎平 and 刘振玉},
  publisher={光电技术与实验},
  year={2000},
  pages={119--152}
}

@book{cn9,
  title={集成运算放大器应用手册},
  author={W.G},
  publisher={集成运算放大器应用手册},
  year={1990},
  pages={3--72}
}

@book{cn10,
  title={电子线路},
  author={谢嘉奎},
  publisher={北京：高等教育出版社},
  year={1999},
  pages={321--323}
}

@book{cn11,
  title={数字电路},
  author={龚之春},
  publisher={成都：电子科技大学出版},
  year={1999},
  pages={123--127}
}

@book{cn12,
  title={单片机基础},
  author={李广弟},
  publisher={北京：北京航空航天大学出版社},
  year={1994},
  pages={6--28}
}

@article{xu2023unified,
  title={Unified framework of the microscopic Landau-Lifshitz-Gilbert equation and its application to skyrmion dynamics},
  author={Xu, Fuming and Li, Gaoyang and Chen, Jian and Yu, Zhizhou and Zhang, Lei and Wang, Baigeng and Wang, Jian},
  journal={Physical Review B},
  volume={108},
  number={14},
  pages={144409},
  year={2023},
  publisher={APS}
}

@article{wang2023electrical,
  title={Electrical switchable room-temperature magnetic skyrmions in multiferroic MXene},
  author={Wang, Liming and Ga, Yonglong and Li, Peng and Yu, Dongxing and Jiang, Jiawei and Liang, Jinghua and Wang, Shouguo and Yang, Hongxin},
  journal={Physical Review B},
  volume={108},
  number={5},
  pages={054440},
  year={2023},
  publisher={APS}
}

@book{haug2008quantum,
  title={Quantum kinetics in transport and optics of semiconductors},
  author={Haug, Hartmut and Jauho, Antti-Pekka and others},
  volume={2},
  year={2008},
  publisher={Springer}
}

@article{wang2024switching,
  title={Switching intrinsic magnetic skyrmions with controllable magnetic anisotropy in van der Waals multiferroic heterostructures},
  author={Wang, Ze-quan and Xue, Feng and Qiu, Liang and Wang, Zhe and Wu, Ruqian and Hou, Yusheng},
  journal={Nano Letters},
  volume={24},
  number={14},
  pages={4117--4123},
  year={2024},
  publisher={ACS Publications}
}

@article{jhuria2020spin,
  title={Spin--orbit torque switching of a ferromagnet with picosecond electrical pulses},
  author={Jhuria, Kaushalya and Hohlfeld, Julius and Pattabi, Akshay and Martin, Elodie and Arriola C{\'o}rdova, Aldo Ygnacio and Shi, Xinping and Lo Conte, Roberto and Petit-Watelot, Sebastien and Rojas-Sanchez, Juan Carlos and Malinowski, Gregory and others},
  journal={Nature Electronics},
  volume={3},
  number={11},
  pages={680--686},
  year={2020},
  publisher={Nature Publishing Group UK London}
}

@article{gilbert2004phenomenological,
  title={A phenomenological theory of damping in ferromagnetic materials},
  author={Gilbert, Thomas L},
  journal={IEEE transactions on magnetics},
  volume={40},
  number={6},
  pages={3443--3449},
  year={2004},
  publisher={IEEE}
}

@article{foros2005magnetization,
  title={Magnetization noise in magnetoelectronic nanostructures},
  author={Foros, J{\o}rn and Brataas, Arne and Tserkovnyak, Yaroslav and Bauer, Gerrit EW},
  journal={Physical review letters},
  volume={95},
  number={1},
  pages={016601},
  year={2005},
  publisher={APS}
}

@article{chudnovskiy2008spin,
  title={Spin-torque shot noise in magnetic tunnel junctions},
  author={Chudnovskiy, AL and Swiebodzinski, J and Kamenev, A},
  journal={Physical review letters},
  volume={101},
  number={6},
  pages={066601},
  year={2008},
  publisher={APS}
}

@article{foros2009noise,
  title={Noise and dissipation in magnetoelectronic nanostructures},
  author={Foros, J{\o}rn and Brataas, Arne and Bauer, Gerrit EW and Tserkovnyak, Yaroslav},
  journal={Physical Review B—Condensed Matter and Materials Physics},
  volume={79},
  number={21},
  pages={214407},
  year={2009},
  publisher={APS}
}

@article{swiebodzinski2010spin,
  title={Spin torque dynamics with noise in magnetic nanosystems},
  author={Swiebodzinski, J and Chudnovskiy, A and Dunn, T and Kamenev, A},
  journal={Physical Review B—Condensed Matter and Materials Physics},
  volume={82},
  number={14},
  pages={144404},
  year={2010},
  publisher={APS}
}

@article{brataas2008scattering,
  title={Scattering theory of Gilbert damping},
  author={Brataas, Arne and Tserkovnyak, Yaroslav and Bauer, Gerrit EW},
  journal={Physical review letters},
  volume={101},
  number={3},
  pages={037207},
  year={2008},
  publisher={APS}
}

@article{brataas2011magnetization,
  title={Magnetization dissipation in ferromagnets from scattering theory},
  author={Brataas, Arne and Tserkovnyak, Yaroslav and Bauer, Gerrit EW},
  journal={Physical Review B—Condensed Matter and Materials Physics},
  volume={84},
  number={5},
  pages={054416},
  year={2011},
  publisher={APS}
}