@article{en1,
  title={Evaluation of a capacitive strain measuring system for use to 1500 F},
  author={Harting, DR},
  journal={Advances in Test Measurement},
  volume={12},
  pages={289--297},
  year={1975}
}

@misc{cn1,
  title={旋转机械故障诊断实用技术},
  author={杨国安},
  year={2012},
  publisher={北京: 中国石化出版社}
}

@article{en2,
  title={Correction to" Elimination of singular cases in Jury's test"},
  author={Rao, M},
  journal={IEEE Transactions on Automatic Control},
  volume={21},
  number={4},
  pages={623--624},
  year={1976},
  publisher={IEEE}
}

@techreport{en3,
  title={Vibration Test of Richard B. Russell Concrete Dam before Reservoir Impoundment.},
  author={Chiarito, Vincent P and Mlakar, Paul F},
  year={1983},
  institution={ARMY ENGINEER WATERWAYS EXPERIMENT STATION VICKSBURG MS STRUCTURES LAB}
}

@phdthesis{cn2,
  title={航空发动机振动试验技术及试验测试系统软件的研发},
  author={邹华},
  school={西北工业大学},
  year={2006},
}

@phdthesis{cn3,
  author          = {贺尔铭},
  journal         = {},
  school          = {西安:西北工业大学},
  title           = {航空发动机振动与测试系统研究},
  volume          = {56-57},
  year            = {2000}
}

@article{cn4,
  title={一种基于 ARM 的航空发动机振动测量仪的设计},
  author={徐军 and 赵敏 and 雷红路 and 柯晶},
  journal={仪器仪表用户},
  volume={14},
  number={1},
  pages={35--36},
  year={2007}
}

@book{cn5,
  title={单片机应用系统设计与产品开发},
  author={冯建华 and 赵亮},
  year={2004},
  publisher={人民邮电出版社}
}

@misc{en4,
  author       = {TI Corporation},
  howpublished = {http://www.ti.com.cn},
  title        = {LM2907 Frequency to Voltage Converter Datasheet},
  year         = {July 1, 2004}
}

@article{cn6,
  title={高精度AD采集芯片ADS7809},
  author={颜荣江},
  journal={国外电子元器件},
  number={1},
  pages={3},
  year={2001},
}

@misc{en5,
  author       = {TI Corporation},
  howpublished = {https://www.alldatasheet.com},
  title        = {MS1117-5.0 Datasheet},
  year         = {May 1, 2005}
}

@article{en6,
  title={CMOS-compatible smart temperature sensors},
  author={Bianchi, RA and Dos Santos, F Vinci and Karam, JM and Courtois, B and Pressecq, F and Sifflet, S},
  journal={Microelectronics Journal},
  volume={29},
  number={9},
  pages={627--636},
  year={1998},
  publisher={Elsevier}
}