@article{cn1,
  title={激光模拟射击训练器械及其射击精度的检定方法},
  author={刘伯来 and 宋作本 and 徐忠瑞},
  journal={山东体育科技},
  volume={24},
  number={4},
  pages={17-19},
  year={2002},
}

@article{cn2,
  title={一种新型激光射击训练模拟靶的设计},
  author={任宏岩 and 戴炳明},
  journal={大连理工大学学报},
  number={增2},
  pages={186-187},
  year={1997},
}

@article{cn3,
  title={智能型光电打靶模拟训练系统},
  author={戴炳明 and 任宏岩 and 张雏},
  journal={半导体光电},
  number={03},
  pages={196-197},
  year={1998},
}

@book{cn4,
  title={半导体激光器及其应用},
  author={黄德修},
  publisher={半导体激光器及其应用},
  year={1999},
  pages={1-27}
}

@inproceedings{en5,
  title={An optical photo-detector using a distributed amplifier and PIN photodiode combination},
  author={Liang, Jia Yi and Aitchison, Colin S},
  booktitle={1994 IEEE MTT-S International Microwave Symposium Digest (Cat. No. 94CH3389-4)},
  pages={1101--1104},
  year={1994},
  organization={IEEE}
}

@article{en6,
  title={Photovoltaic materials, past, present, future},
  author={Goetzberger, Adolf and Hebling, Christopher},
  journal={Solar energy materials and solar cells},
  volume={62},
  number={1-2},
  pages={1--19},
  year={2000},
  publisher={Elsevier}
}

@book{cn7,
  title={光电检测技术},
  author={高稚允 and 高岳},
  year={1995},
  publisher={国防工业出版社}
}

@book{cn8,
  title={光电技术与实验},
  author={江月松 and 阎平 and 刘振玉},
  publisher={光电技术与实验},
  year={2000},
}